<searchRetrieveResponse xmlns="http://www.loc.gov/zing/srw/" xmlns:oclcterms="http://purl.org/oclc/terms/" xmlns:dc="http://purl.org/dc/elements/1.1/" xmlns:diag="http://www.loc.gov/zing/srw/diagnostic/" xmlns:xsi="http://www.w3.org/2001/XMLSchema-instance">
<!-- demo response created from https://platform.worldcat.org/api-explorer/apis/wcapi/Bib/SRU -->
<version>1.1</version>
<numberOfRecords>34154</numberOfRecords>
<records>
<record>
<recordSchema>marcxml</recordSchema>
<recordPacking>xml</recordPacking>
<recordData>
<record xmlns="http://www.loc.gov/MARC21/slim">
    <leader>00000cam a2200000Mi 4500</leader>
    <controlfield tag="001">498910170</controlfield>
    <controlfield tag="008">781214s1977    ne abf   b    001 0 eng d</controlfield>
    <datafield ind1=" " ind2=" " tag="020">
      <subfield code="a">9004047794</subfield>
    </datafield>
    <datafield ind1=" " ind2=" " tag="020">
      <subfield code="a">9789004047792</subfield>
    </datafield>
    <datafield ind1=" " ind2=" " tag="020">
      <subfield code="a">9004042903</subfield>
    </datafield>
    <datafield ind1=" " ind2=" " tag="020">
      <subfield code="a">9789004042902</subfield>
    </datafield>
    <datafield ind1="1" ind2=" " tag="100">
      <subfield code="a">Kater-Sibbes, G. J. F.</subfield>
    </datafield>
    <datafield ind1="1" ind2="0" tag="245">
      <subfield code="a">Apis /</subfield>
      <subfield code="c">G.J.F. Kater-Sibbes and M.J. Vermaseren. 3, Inscriptions, coins and addenda.</subfield>
    </datafield>
    <datafield ind1=" " ind2=" " tag="260">
      <subfield code="a">Leiden :</subfield>
      <subfield code="b">Brill,</subfield>
      <subfield code="c">1977.</subfield>
    </datafield>
    <datafield ind1=" " ind2=" " tag="300">
      <subfield code="a">xii, 53, [3] leaves of plates (2 folded), xxviii pages of plates :</subfield>
      <subfield code="b">illustrations (including 1 color), 2 maps ;</subfield>
      <subfield code="c">25 cm.</subfield>
    </datafield>
    <datafield ind1="0" ind2=" " tag="490">
      <subfield code="a">Études préliminaires aux religions orientales dans L'Empire Romain ;</subfield>
      <subfield code="v">t. 48</subfield>
    </datafield>
    <datafield ind1="1" ind2=" " tag="700">
      <subfield code="a">Vermaseren, Maarten Jozef.</subfield>
    </datafield>
  </record>
</recordData>
</record>