
<record>
<recordSchema>marcxml</recordSchema>
<recordPacking>xml</recordPacking>
<recordData>
<record xmlns="http://www.loc.gov/MARC21/slim">
    <leader>00000cam a2200000Mi 4500</leader>
    <controlfield tag="001">797553597</controlfield>
    <controlfield tag="008">911015m19751977ne a   e      000 0 eng d</controlfield>
    <datafield ind1=" " ind2=" " tag="020">
      <subfield code="a">9004042903</subfield>
    </datafield>
    <datafield ind1=" " ind2=" " tag="020">
      <subfield code="a">9789004042902</subfield>
    </datafield>
    <datafield ind1="1" ind2=" " tag="100">
      <subfield code="a">Kater-Sibbes, G. J. F.</subfield>
      <subfield code="4">aut</subfield>
    </datafield>
    <datafield ind1="1" ind2="0" tag="245">
      <subfield code="a">Apis /</subfield>
      <subfield code="c">G.J.F. Kater-Sibbes and M.J. Vermaseren.</subfield>
    </datafield>
    <datafield ind1=" " ind2=" " tag="260">
      <subfield code="a">Leiden :</subfield>
      <subfield code="b">Brill,</subfield>
      <subfield code="c">1975-1977.</subfield>
    </datafield>
    <datafield ind1=" " ind2=" " tag="300">
      <subfield code="a">3 v. :</subfield>
      <subfield code="b">ill. ;</subfield>
      <subfield code="c">25 cm.</subfield>
    </datafield>
    <datafield ind1="1" ind2=" " tag="490">
      <subfield code="a">Études préliminaires aux religions orientales dans l'empire romain ;</subfield>
      <subfield code="v">48</subfield>
    </datafield>
    <datafield ind1="0" ind2=" " tag="505">
      <subfield code="a">3 : Inscriptions, coins and addenda / with a frontespiece, 28 plates and 2 maps. -- 1977. -- XII, 53 p. -- ISBN 90-04-04779-4.</subfield>
    </datafield>
    <datafield ind1="0" ind2=" " tag="505">
      <subfield code="a">1 : The monuments of the hellenistic-roman period from Egypt / with a frontespiece, 4 figures, 134 plates and 2 maps. -- 1975. -- L, 65 p. -- Bibliogr.: p. [XIII]-L. -- ISBN 90-04-04291-1.</subfield>
    </datafield>
    <datafield ind1="0" ind2=" " tag="505">
      <subfield code="a">2 : Monuments from outside Egypt / with a frontespiece, 11 figures, 211 plates and 1 map. -- 1975. -- [IX], 107 p. -- ISBN 90-04-04293-8.</subfield>
    </datafield>
    <datafield ind1=" " ind2="4" tag="650">
      <subfield code="a">Api (Divinità) nell'arte antica.</subfield>
    </datafield>
    <datafield ind1=" " ind2="0" tag="650">
      <subfield code="a">Apis (Egyptian deity)</subfield>
      <subfield code="x">Art.</subfield>
    </datafield>
    <datafield ind1=" " ind2="0" tag="650">
      <subfield code="a">Idols and images</subfield>
      <subfield code="z">Rome.</subfield>
    </datafield>
    <datafield ind1=" " ind2="0" tag="650">
      <subfield code="a">Gods, Egyptian, in art.</subfield>
    </datafield>
    <datafield ind1=" " ind2="0" tag="651">
      <subfield code="a">Rome</subfield>
      <subfield code="x">Civilization</subfield>
      <subfield code="x">Egyptian influences.</subfield>
    </datafield>
    <datafield ind1=" " ind2="0" tag="651">
      <subfield code="a">Rome</subfield>
      <subfield code="x">Religious life and customs.</subfield>
    </datafield>
    <datafield ind1="1" ind2=" " tag="700">
      <subfield code="a">Vermaseren, Maarten Jozef.</subfield>
      <subfield code="4">aut</subfield>
    </datafield>
  </record>
</recordData>
</record>