
<record>
<recordSchema>marcxml</recordSchema>
<recordPacking>xml</recordPacking>
<recordData>
<record xmlns="http://www.loc.gov/MARC21/slim">
    <leader>00000cam a2200000Mc 4500</leader>
    <controlfield tag="001">1072447524</controlfield>
    <controlfield tag="008">060512s1977    ne ab         000 0 eng d</controlfield>
    <datafield ind1=" " ind2=" " tag="020">
      <subfield code="a">9004047794</subfield>
    </datafield>
    <datafield ind1=" " ind2=" " tag="020">
      <subfield code="a">9789004047792</subfield>
    </datafield>
    <datafield ind1="1" ind2=" " tag="100">
      <subfield code="a">Kater-Sibbes, G. J. F.</subfield>
      <subfield code="e">Verfasser</subfield>
      <subfield code="0">(DE-588)158745027</subfield>
      <subfield code="4">aut</subfield>
    </datafield>
    <datafield ind1="1" ind2="0" tag="245">
      <subfield code="a">Apis</subfield>
      <subfield code="n">3</subfield>
      <subfield code="p">Inscriptions, coins and addenda</subfield>
      <subfield code="c">G. J. F. Kater-Sibbes and M. J. Vermaseren.</subfield>
    </datafield>
    <datafield ind1=" " ind2=" " tag="260">
      <subfield code="a">Leiden</subfield>
      <subfield code="b">Brill</subfield>
      <subfield code="c">1977</subfield>
    </datafield>
    <datafield ind1=" " ind2=" " tag="300">
      <subfield code="a">getr. Zählung</subfield>
      <subfield code="b">Ill. (z.T. farb.), Kt.</subfield>
    </datafield>
    <datafield ind1="1" ind2=" " tag="490">
      <subfield code="a">Études préliminaires aux religions orientales dans l'empire romain</subfield>
      <subfield code="v">48</subfield>
    </datafield>
    <datafield ind1="1" ind2=" " tag="700">
      <subfield code="a">Vermaseren, Maarten J.</subfield>
      <subfield code="e">Verfasser</subfield>
      <subfield code="0">(DE-588)177839643</subfield>
      <subfield code="4">aut</subfield>
    </datafield>
    <datafield ind1="0" ind2="8" tag="773">
      <subfield code="w">(DE-605)HT001420186</subfield>
      <subfield code="g">3</subfield>
    </datafield>
  </record>
</recordData>
</record>