
<record>
<recordSchema>marcxml</recordSchema>
<recordPacking>xml</recordPacking>
<recordData>
<record xmlns="http://www.loc.gov/MARC21/slim">
    <leader>00000cam a2200000Mi 4500</leader>
    <controlfield tag="001">924935958</controlfield>
    <controlfield tag="008">151002s1975    ne a          001 0 eng d</controlfield>
    <datafield ind1=" " ind2=" " tag="020">
      <subfield code="a">9004042903</subfield>
    </datafield>
    <datafield ind1=" " ind2=" " tag="020">
      <subfield code="a">9789004042902</subfield>
    </datafield>
    <datafield ind1=" " ind2=" " tag="020">
      <subfield code="a">9004042938</subfield>
    </datafield>
    <datafield ind1=" " ind2=" " tag="020">
      <subfield code="a">9789004042933</subfield>
    </datafield>
    <datafield ind1="1" ind2=" " tag="100">
      <subfield code="a">Kater-Sibbes, G. J. F.</subfield>
    </datafield>
    <datafield ind1="1" ind2="0" tag="245">
      <subfield code="a">Apis.</subfield>
      <subfield code="n">2,</subfield>
      <subfield code="p">Monuments from outside Egypt /</subfield>
      <subfield code="c">G. J. F. Kater-Sibbes and M. J. Vermaseren.</subfield>
    </datafield>
    <datafield ind1="3" ind2="0" tag="246">
      <subfield code="a">Monuments from outside Egypt</subfield>
    </datafield>
    <datafield ind1=" " ind2=" " tag="260">
      <subfield code="a">Leiden :</subfield>
      <subfield code="b">E. J. Brill,</subfield>
      <subfield code="c">1975.</subfield>
    </datafield>
    <datafield ind1=" " ind2=" " tag="300">
      <subfield code="a">IX, 107 s., [1] k. tabl., 211 s. tabl., [1] k. tabl. złoż. :</subfield>
      <subfield code="b">il. ;</subfield>
      <subfield code="c">25 cm.</subfield>
    </datafield>
    <datafield ind1="1" ind2=" " tag="490">
      <subfield code="a">Etudes Préliminaires aux Religions Orientales dans l'Empire Romain ;</subfield>
      <subfield code="v">t. 48</subfield>
    </datafield>
    <datafield ind1=" " ind2=" " tag="500">
      <subfield code="a">Na s. tyt.: With a frontspiece, 11 figures, 211 plates and 1 map.</subfield>
    </datafield>
    <datafield ind1="1" ind2=" " tag="700">
      <subfield code="a">Vermaseren, Maarten Jozef</subfield>
      <subfield code="d">(1918-1985).</subfield>
    </datafield>
    <datafield ind1="2" ind2=" " tag="710">
      <subfield code="a">E. J. Brill (Lejda).</subfield>
      <subfield code="4">pbl</subfield>
    </datafield>
  </record>
</recordData>
</record>