
<record>
<recordSchema>marcxml</recordSchema>
<recordPacking>xml</recordPacking>
<recordData>
<record xmlns="http://www.loc.gov/MARC21/slim">
    <leader>00000cam a2200000Ma 4500</leader>
    <controlfield tag="001">804336333</controlfield>
    <controlfield tag="008">090305s2009    mau      b    001 0 eng d</controlfield>
    <datafield ind1=" " ind2=" " tag="020">
      <subfield code="a">9780123743428</subfield>
    </datafield>
    <datafield ind1=" " ind2=" " tag="020">
      <subfield code="a">0123743427</subfield>
    </datafield>
    <datafield ind1="1" ind2=" " tag="100">
      <subfield code="a">Thompson, Timothy J.</subfield>
    </datafield>
    <datafield ind1="1" ind2="0" tag="245">
      <subfield code="a">Bluetooth application programming with the Java APIs :</subfield>
      <subfield code="b">essentials edition /</subfield>
      <subfield code="c">Timothy J. Thompson, Paul J. Kline, C. Bala Kumar.</subfield>
    </datafield>
    <datafield ind1=" " ind2=" " tag="260">
      <subfield code="a">Burlington, MA :</subfield>
      <subfield code="b">Morgan Kaufmann Pub.,</subfield>
      <subfield code="c">©2008.</subfield>
    </datafield>
    <datafield ind1=" " ind2=" " tag="300">
      <subfield code="a">XVIII, 286 p. ;</subfield>
      <subfield code="c">23 cm</subfield>
    </datafield>
    <datafield ind1="0" ind2="4" tag="650">
      <subfield code="a">Tecnologia Bluetooth.</subfield>
    </datafield>
    <datafield ind1="0" ind2="4" tag="650">
      <subfield code="a">Interfícies de programació d'aplicacions (Programes d'ordinador)</subfield>
    </datafield>
    <datafield ind1="0" ind2="4" tag="650">
      <subfield code="a">Comunicacions sense fils, Sistemes de.</subfield>
    </datafield>
    <datafield ind1="0" ind2="7" tag="650">
      <subfield code="a">Java (Llenguatge de programació)</subfield>
      <subfield code="2">lemac</subfield>
    </datafield>
    <datafield ind1="1" ind2=" " tag="700">
      <subfield code="a">Kline, Paul J.</subfield>
    </datafield>
    <datafield ind1="1" ind2=" " tag="700">
      <subfield code="a">Kumar, C. Bala.</subfield>
    </datafield>
    <datafield ind1="2" ind2=" " tag="710">
      <subfield code="a">Motorola Semiconductor Products Sector.</subfield>
    </datafield>
  </record>
</recordData>
</record>