
<record>
<recordSchema>marcxml</recordSchema>
<recordPacking>xml</recordPacking>
<recordData>
<record xmlns="http://www.loc.gov/MARC21/slim">
    <leader>00000cam a2200000Mc 4500</leader>
    <controlfield tag="001">796090842</controlfield>
    <controlfield tag="008">140322s2012    xx            000 0 eng d</controlfield>
    <datafield ind1=" " ind2=" " tag="020">
      <subfield code="a">9781449308926</subfield>
    </datafield>
    <datafield ind1=" " ind2=" " tag="020">
      <subfield code="a">1449308929</subfield>
    </datafield>
    <datafield ind1="1" ind2=" " tag="100">
      <subfield code="a">Jacobson, Daniel</subfield>
    </datafield>
    <datafield ind1="1" ind2="0" tag="245">
      <subfield code="a">APIs :</subfield>
      <subfield code="b">a strategy guide</subfield>
    </datafield>
    <datafield ind1=" " ind2=" " tag="260">
      <subfield code="a">Sebastopol :</subfield>
      <subfield code="b">O'Reilly,</subfield>
      <subfield code="c">2012</subfield>
    </datafield>
    <datafield ind1=" " ind2=" " tag="300">
      <subfield code="a">134 s</subfield>
    </datafield>
    <datafield ind1="8" ind2=" " tag="520">
      <subfield code="a">Many of the highest traffic sites get more than half of their traffic not through the browser but through the APIs they have created. Salesforce.com (more than 50%) and Twitter (more than 75% fall into this category. Ebay gets more than 8 billion API calls a month. Facebook and Google, have dozens of APIs that enable both free services and e-commerce, get more than 5 billion API calls each day. Other companies like NetFlix have expanded their service of streaming movies over the the web to dozens of devices using API. At peak times, more than 20 percent of all traffic is accounted for by Netflix through its APIs. Companies like Sears and E-Trade are opening up their catalogs and other services to allow developers and entrepreneurs to create new marketing experiences. Making an API work to create a new channel is not just a matter of technology. An API must be considered in terms of business strategy, marketing, and operations as well as the technical aspects of programming. This book, written by Greg Brail, CTO of Apigee, and Brian Mulloy, VP of Products, captures the knowledge of all these areas gained by Apigee, the leading company in supporting the rollout of high traffic APIs</subfield>
    </datafield>
    <datafield ind1=" " ind2="0" tag="650">
      <subfield code="a">Application program interfaces (Computer software)</subfield>
    </datafield>
    <datafield ind1=" " ind2="4" tag="650">
      <subfield code="a">Softwareudvikling</subfield>
    </datafield>
    <datafield ind1=" " ind2="7" tag="650">
      <subfield code="a">Application program interfaces (Computer software)</subfield>
      <subfield code="2">fast</subfield>
      <subfield code="0">(OCoLC)fst00811704</subfield>
    </datafield>
    <datafield ind1="1" ind2=" " tag="700">
      <subfield code="a">Brail, Greg</subfield>
    </datafield>
    <datafield ind1="1" ind2=" " tag="700">
      <subfield code="a">Woods, Dan</subfield>
    </datafield>
  </record>
</recordData>
</record>