
<record>
<recordSchema>marcxml</recordSchema>
<recordPacking>xml</recordPacking>
<recordData>
<record xmlns="http://www.loc.gov/MARC21/slim">
    <leader>00000cam a2200000Ia 4500</leader>
    <controlfield tag="001">144220970</controlfield>
    <controlfield tag="008">070117s2007    txua          001 0 eng d</controlfield>
    <datafield ind1=" " ind2=" " tag="020">
      <subfield code="a">1583470697</subfield>
      <subfield code="q">(pbk.)</subfield>
    </datafield>
    <datafield ind1=" " ind2=" " tag="020">
      <subfield code="a">9781583470695</subfield>
    </datafield>
    <datafield ind1="1" ind2=" " tag="100">
      <subfield code="a">Vining, Bruce.</subfield>
    </datafield>
    <datafield ind1="1" ind2="0" tag="245">
      <subfield code="a">APIs at work /</subfield>
      <subfield code="c">Bruce Vining, Doug Pence, and Ron Hawkins.</subfield>
    </datafield>
    <datafield ind1="1" ind2="4" tag="246">
      <subfield code="a">IBM system i APIs at work</subfield>
    </datafield>
    <datafield ind1=" " ind2=" " tag="260">
      <subfield code="a">Lewisville, TX :</subfield>
      <subfield code="b">Mc Press,</subfield>
      <subfield code="c">2007.</subfield>
    </datafield>
    <datafield ind1=" " ind2=" " tag="300">
      <subfield code="a">xv, 741 pages :</subfield>
      <subfield code="b">illustrations ;</subfield>
      <subfield code="c">23 cm</subfield>
    </datafield>
    <datafield ind1=" " ind2=" " tag="500">
      <subfield code="a">Includes index.</subfield>
    </datafield>
    <datafield ind1=" " ind2="0" tag="650">
      <subfield code="a">Application program interfaces (Computer software)</subfield>
    </datafield>
    <datafield ind1=" " ind2="0" tag="650">
      <subfield code="a">IBM computers</subfield>
      <subfield code="x">Programming.</subfield>
    </datafield>
    <datafield ind1=" " ind2="0" tag="650">
      <subfield code="a">Computer systems.</subfield>
    </datafield>
    <datafield ind1=" " ind2="7" tag="650">
      <subfield code="a">Application program interfaces (Computer software)</subfield>
      <subfield code="2">fast</subfield>
      <subfield code="0">(OCoLC)fst00811704</subfield>
    </datafield>
    <datafield ind1=" " ind2="7" tag="650">
      <subfield code="a">Computer systems.</subfield>
      <subfield code="2">fast</subfield>
      <subfield code="0">(OCoLC)fst00872651</subfield>
    </datafield>
    <datafield ind1=" " ind2="7" tag="650">
      <subfield code="a">IBM computers</subfield>
      <subfield code="x">Programming.</subfield>
      <subfield code="2">fast</subfield>
      <subfield code="0">(OCoLC)fst00966305</subfield>
    </datafield>
    <datafield ind1="1" ind2=" " tag="700">
      <subfield code="a">Pence, Doug.</subfield>
    </datafield>
    <datafield ind1="1" ind2=" " tag="700">
      <subfield code="a">Hawkins, Ron.</subfield>
    </datafield>
  </record>
</recordData>
</record>