
<record>
<recordSchema>marcxml</recordSchema>
<recordPacking>xml</recordPacking>
<recordData>
<record xmlns="http://www.loc.gov/MARC21/slim">
    <leader>00000cas a22000007a 4500</leader>
    <controlfield tag="001">165151816</controlfield>
    <controlfield tag="008">070817c20079999azuer pso     0   a0eng c</controlfield>
    <datafield ind1=" " ind2=" " tag="010">
      <subfield code="a">  2007212630</subfield>
    </datafield>
    <datafield ind1="0" ind2=" " tag="022">
      <subfield code="a">1937-5506</subfield>
      <subfield code="l">1937-5506</subfield>
      <subfield code="2">1</subfield>
    </datafield>
    <datafield ind1="0" ind2=" " tag="130">
      <subfield code="a">Apis (Phoenix, Az.)</subfield>
    </datafield>
    <datafield ind1=" " ind2="0" tag="222">
      <subfield code="a">Apis</subfield>
      <subfield code="b">(Phoenix, Az.)</subfield>
    </datafield>
    <datafield ind1="1" ind2="0" tag="245">
      <subfield code="a">Apis.</subfield>
    </datafield>
    <datafield ind1=" " ind2=" " tag="260">
      <subfield code="a">Phoenix, AZ :</subfield>
      <subfield code="b">CITA International Inc.</subfield>
    </datafield>
    <datafield ind1=" " ind2=" " tag="538">
      <subfield code="a">Mode of access: World Wide Web.</subfield>
    </datafield>
    <datafield ind1="4" ind2="0" tag="856">
      <subfield code="u">http://www.knowledge21.org/apis.html</subfield>
    </datafield>
  </record>
</recordData>
</record>