
<record>
<recordSchema>marcxml</recordSchema>
<recordPacking>xml</recordPacking>
<recordData>
<record xmlns="http://www.loc.gov/MARC21/slim">
    <leader>00000cam a2200000Mi 4500</leader>
    <controlfield tag="001">462767731</controlfield>
    <controlfield tag="008">790101s1975    ne a          000 0 eng d</controlfield>
    <datafield ind1=" " ind2=" " tag="020">
      <subfield code="a">9004042938</subfield>
    </datafield>
    <datafield ind1=" " ind2=" " tag="020">
      <subfield code="a">9789004042933</subfield>
    </datafield>
    <datafield ind1="1" ind2=" " tag="100">
      <subfield code="a">Kater-Sibbes, G. J. F.</subfield>
      <subfield code="4">aut</subfield>
      <subfield code="0">(FrPBN)12750262</subfield>
    </datafield>
    <datafield ind1="1" ind2="0" tag="245">
      <subfield code="a">Apis ...</subfield>
      <subfield code="n">2,</subfield>
      <subfield code="p">Monuments from outside Egypt ... _ 107 p /</subfield>
      <subfield code="c">G.J.F. Kater-Sibbes and M.J. Vermaseren.</subfield>
    </datafield>
    <datafield ind1=" " ind2=" " tag="260">
      <subfield code="a">Leiden :</subfield>
      <subfield code="b">E.J. Brill ;</subfield>
      <subfield code="a">CCXI p. de pl,</subfield>
      <subfield code="c">1975-</subfield>
    </datafield>
    <datafield ind1=" " ind2=" " tag="300">
      <subfield code="a">1 dépl. :</subfield>
      <subfield code="b">ill. en noir et en coul ;</subfield>
      <subfield code="c">24 cm.</subfield>
    </datafield>
    <datafield ind1="0" ind2=" " tag="490">
      <subfield code="a">Etudes préliminaires aux religions orientales dans l'empire romain ;</subfield>
      <subfield code="v">48</subfield>
    </datafield>
    <datafield ind1="1" ind2=" " tag="700">
      <subfield code="a">Vermaseren, Maarten Jozef.</subfield>
      <subfield code="4">aut</subfield>
      <subfield code="0">(FrPBN)12019293</subfield>
    </datafield>
    <datafield ind1="1" ind2="8" tag="773">
      <subfield code="t">Apis ...</subfield>
      <subfield code="g">2</subfield>
      <subfield code="w">(FrPBN)34329734</subfield>
    </datafield>
    <datafield ind1="4" ind2="2" tag="856">
      <subfield code="3">Notice et cote du catalogue de la Bibliothèque nationale de France</subfield>
      <subfield code="u">http://catalogue.bnf.fr/ark:/12148/cb35371092r</subfield>
    </datafield>
  </record>
</recordData>
</record>