
<record>
<recordSchema>marcxml</recordSchema>
<recordPacking>xml</recordPacking>
<recordData>
<record xmlns="http://www.loc.gov/MARC21/slim">
    <leader>00000cam a2200000Ma 4500</leader>
    <controlfield tag="001">911727061</controlfield>
    <controlfield tag="008">930205s1975    xx            000 0 eng d</controlfield>
    <datafield ind1="1" ind2=" " tag="100">
      <subfield code="a">Kater-Sibbes, G. J. F.</subfield>
    </datafield>
    <datafield ind1="1" ind2="0" tag="245">
      <subfield code="a">Apis .</subfield>
      <subfield code="n">Vol. 1,</subfield>
      <subfield code="p">The monuments of the Hellenistic-Roman period from Egypt.</subfield>
    </datafield>
    <datafield ind1=" " ind2=" " tag="260">
      <subfield code="c">Leiden :</subfield>
      <subfield code="b">E.J. Brill,</subfield>
      <subfield code="c">1975.</subfield>
    </datafield>
    <datafield ind1=" " ind2=" " tag="300">
      <subfield code="a">65 p., CXXXIV p. de lám. ;</subfield>
      <subfield code="c">25 cm.</subfield>
    </datafield>
    <datafield ind1="1" ind2=" " tag="490">
      <subfield code="a">Etudes préliminaires aux religions orientales dans l'empire romain ;</subfield>
      <subfield code="v">48</subfield>
    </datafield>
    <datafield ind1="0" ind2="4" tag="650">
      <subfield code="a">Apis (Personaje mitológico) en el arte.</subfield>
    </datafield>
    <datafield ind1="0" ind2="4" tag="650">
      <subfield code="a">Mitología romana</subfield>
      <subfield code="x">Influencia oriental.</subfield>
    </datafield>
    <datafield ind1=" " ind2="4" tag="651">
      <subfield code="a">Religión egipcia.</subfield>
    </datafield>
    <datafield ind1=" " ind2="4" tag="651">
      <subfield code="a">Religión romana.</subfield>
    </datafield>
    <datafield ind1="0" ind2="7" tag="650">
      <subfield code="a">Apis (Personaje mitológico)</subfield>
      <subfield code="x">Iconografía.</subfield>
      <subfield code="2">embucm</subfield>
    </datafield>
    <datafield ind1="1" ind2=" " tag="700">
      <subfield code="a">Vermaseren, M. J.</subfield>
      <subfield code="q">(Maarten Jozef)</subfield>
    </datafield>
  </record>
</recordData>
</record>
</records>
<nextRecordPosition>11</nextRecordPosition>
<resultSetIdleTime/>
<echoedSearchRetrieveRequest xmlns:srw="http://www.loc.gov/zing/srw/">
<version>1.1</version>
<query>srw.kw all "APIs"</query>
<maximumRecords>10</maximumRecords>
<recordPacking>xml</recordPacking>
<startRecord>1</startRecord>
<sortKeys>relevance</sortKeys>
<wskey>{built-in-api-key}</wskey>
</echoedSearchRetrieveRequest>
</searchRetrieveResponse>